@article{numpy-ref,
    author       = {},
    title        = {{NumPy} Reference},
    journal      = {},
    year         = {06.2020},
    volume       = {},
    number       = {},
    pages        = {},
    note         = {Release 1.19.0. Retrieved from: 
                    \url{https://numpy.org/doc/1.19/numpy-ref.pdf}}
}

@article{pandas-ref,
    author       = {Wes KcKinney and {Pandas Development Team}},
    title        = {Pandas: powerful Python data analysis toolkit},
    journal      = {},
    year         = {08.2020},
    volume       = {},
    number       = {},
    pages        = {},
    note         = {Release 1.1.3. Retrieved from: 
                    \url{https://pandas.pydata.org/docs/pandas.pdf}}
}

@article{netcdf-ref,
    author       = {},
    title        = {The NetCDF User's Guide},
    journal      = {},
    year         = {},
    volume       = {},
    number       = {},
    pages        = {},
    note         = {Accessed 23.10.2020. URL: 
                    \url{https://www.unidata.ucar.edu/software/netcdf/docs/user_guide.html}}
}

@article{netcdf4-ref,
    author       = {},
    title        = {NetCDF4 module documentation},
    journal      = {},
    year         = {},
    volume       = {},
    number       = {},
    pages        = {},
    note         = {Release 1.5.4. Accessed 23.10.2020. URL: 
                    \url{https://unidata.github.io/netcdf4-python/netCDF4/index.html}}
}

@article{matplotlib-ref,
    author       = {John Hunter and Darren Dale and Eric Firing and Michael
        Droettboom and {the matplotlib development team}},
    title        = {Matplotlib},
    journal      = {},
    year         = {09.2020},
    volume       = {},
    number       = {},
    pages        = {},
    note         = {Release 3.3.2. Retrieved from: 
                    \url{https://matplotlib.org/3.3.2/Matplotlib.pdf}}
}

@article{cartopy-ref,
    author       = {},
    title        = {Cartopy Documentation},
    journal      = {},
    year         = {},
    volume       = {},
    number       = {},
    pages        = {},
    note         = {Release 0.18.0. Accessed 23.10.2020. URL: 
                    \url{https://scitools.org.uk/cartopy/docs/latest/}}
}

@article{py-json-ref,
    author       = {},
    title        = {Python Documentation: json -- JSON encoder and decoder},
    journal      = {},
    year         = {},
    volume       = {},
    number       = {},
    pages        = {},
    note         = {Release 3.9.0. Accessed 23.10.2020. URL: 
                    \url{https://docs.python.org/3/library/json.html}}
}

@article{py-dict-ref,
    author       = {},
    title        = {Python Documentation: Built-in Types -- dict},
    journal      = {},
    year         = {},
    volume       = {},
    number       = {},
    pages        = {},
    note         = {Release 3.9.0. Accessed 23.10.2020. URL: 
                    \url{https://docs.python.org/3/library/stdtypes.html#typesmapping}}
}


@article{py-datetime-ref,
    author       = {},
    title        = {Python Documentation: datetime -- Basic date and time types},
    journal      = {},
    year         = {},
    volume       = {},
    number       = {},
    pages        = {},
    note         = {Release 3.9.0. Accessed 23.10.2020. URL: 
                    \url{https://docs.python.org/3/library/datetime.html}}
}

@article{ipython-ref,
    author       = {},
    title        = {IPython Documentation},
    journal      = {},
    year         = {},
    volume       = {},
    number       = {},
    pages        = {},
    note         = {Release 7.18.1. Accessed 23.10.2020. URL: 
                    \url{https://ipython.readthedocs.io/en/stable/}}
}
